<?xml version="1.0" encoding="UTF-8"?>
<collection xmlns:xsi="http://www.w3.org/2001/XMLSchema-instance" xsi:schemaLocation="http://www.loc.gov/MARC21/slim http://www.loc.gov/standards/marcxml/schema/MARC21slim.xsd" xmlns="http://www.loc.gov/MARC21/slim">
<record>
  <leader>00793cam a2200229I  4500</leader>
  <controlfield tag="001">5267119</controlfield>
  <controlfield tag="003">NNC</controlfield>
  <controlfield tag="005">20160118124327.0</controlfield>
  <controlfield tag="008">891106s1936    tu            000 0 ara d</controlfield>
  <datafield tag="035" ind1=" " ind2=" ">
    <subfield code="a">(OCoLC)ocm20603846</subfield>
  </datafield>
  <datafield tag="035" ind1=" " ind2=" ">
    <subfield code="a">(NNC)5267119</subfield>
  </datafield>
  <datafield tag="040" ind1=" " ind2=" ">
    <subfield code="a">CUS</subfield>
    <subfield code="c">CUS</subfield>
    <subfield code="d">ZCU</subfield>
  </datafield>
  <datafield tag="090" ind1=" " ind2=" ">
    <subfield code="a">BP130.1</subfield>
    <subfield code="b">.I315 v.9</subfield>
  </datafield>
  <datafield tag="100" ind1="1" ind2=" ">
    <subfield code="a">Malaṭī, Muḥammad ibn Aḥmad,</subfield>
    <subfield code="d">-987 or 988.</subfield>
  </datafield>
  <datafield tag="245" ind1="1" ind2="4">
    <subfield code="a">Die Widerlegung der Irrgläubigen und Neuerer,</subfield>
    <subfield code="c">von Abū l-Husain Muhammad ibn Aḥmad al-Malatī. Hrsg. von Sven Dedering.</subfield>
  </datafield>
  <datafield tag="260" ind1=" " ind2=" ">
    <subfield code="a">Istanbul,</subfield>
    <subfield code="b">Staats-druckerei,</subfield>
    <subfield code="c">1936.</subfield>
  </datafield>
  <datafield tag="300" ind1=" " ind2=" ">
    <subfield code="a">13, 167 p.</subfield>
    <subfield code="c">26 cm.</subfield>
  </datafield>
  <datafield tag="490" ind1="1" ind2=" ">
    <subfield code="a">Bibliotheca islamica,</subfield>
    <subfield code="v">Bd. 9</subfield>
  </datafield>
  <datafield tag="500" ind1=" " ind2=" ">
    <subfield code="a">Added title page and text in Arabic.</subfield>
  </datafield>
  <datafield tag="650" ind1=" " ind2="0">
    <subfield code="a">Islam</subfield>
    <subfield code="v">Apologetic works.</subfield>
  </datafield>
  <datafield tag="830" ind1=" " ind2="0">
    <subfield code="a">Nasharāt al-Islāmīyah ;</subfield>
    <subfield code="v">juzʼ 9.</subfield>
  </datafield>
  <datafield tag="955" ind1=" " ind2=" ">
    <subfield code="b">0026810492</subfield>
    <subfield code="d">glx</subfield>
    <subfield code="e">893.791 B471 v.9</subfield>
    <subfield code="v">v.9-11</subfield>
  </datafield>
</record>
</collection>